/u/bacook/Documents/Thesis.bib